<?xml version="1.0" encoding="UTF-8"?><record xmlns="http://www.loc.gov/MARC21/slim" xmlns:cinclude="http://apache.org/cocoon/include/1.0" xmlns:zs="http://www.loc.gov/zing/srw/">
  <leader>02758cz  a2200325n  4500</leader>
  <controlfield tag="001">n  92048591 </controlfield>
  <controlfield tag="003">DLC</controlfield>
  <controlfield tag="005">20160624171256.0</controlfield>
  <controlfield tag="008">920504n| azannaabn          |a aaa      </controlfield>
  <datafield tag="010" ind1=" " ind2=" ">
    <subfield code="a">n  92048591 </subfield>
    <subfield code="z">n  88670774 </subfield>
  </datafield>
  <datafield tag="035" ind1=" " ind2=" ">
    <subfield code="a">(OCoLC)oca03164335</subfield>
  </datafield>
  <datafield tag="040" ind1=" " ind2=" ">
    <subfield code="a">DLC</subfield>
    <subfield code="b">eng</subfield>
    <subfield code="e">rda</subfield>
    <subfield code="c">DLC</subfield>
    <subfield code="d">PSt</subfield>
    <subfield code="d">DLC</subfield>
  </datafield>
  <datafield tag="046" ind1=" " ind2=" ">
    <subfield code="f">1851</subfield>
    <subfield code="g">1935-02-18</subfield>
    <subfield code="2">edtf</subfield>
  </datafield>
  <datafield tag="053" ind1=" " ind2="0">
    <subfield code="a">PS3505.L352</subfield>
  </datafield>
  <datafield tag="100" ind1="1" ind2=" ">
    <subfield code="a">Clark, Kate Upson,</subfield>
    <subfield code="d">1851-1935</subfield>
  </datafield>
  <datafield tag="370" ind1=" " ind2=" ">
    <subfield code="a">Camden (Ala.)</subfield>
    <subfield code="e">Charlemont (Mass.)</subfield>
    <subfield code="e">New York (N.Y.)</subfield>
    <subfield code="f">Norton (Mass.)</subfield>
  </datafield>
  <datafield tag="373" ind1=" " ind2=" ">
    <subfield code="a">Wheaton Female Seminary (Norton, Mass.)</subfield>
  </datafield>
  <datafield tag="373" ind1=" " ind2=" ">
    <subfield code="a">Wheaton College (Norton, Mass.)</subfield>
  </datafield>
  <datafield tag="373" ind1=" " ind2=" ">
    <subfield code="a">Columbia University</subfield>
  </datafield>
  <datafield tag="374" ind1=" " ind2=" ">
    <subfield code="a">Writer</subfield>
    <subfield code="a">Editor</subfield>
    <subfield code="a">Lecturer</subfield>
  </datafield>
  <datafield tag="375" ind1=" " ind2=" ">
    <subfield code="a">female</subfield>
  </datafield>
  <datafield tag="377" ind1=" " ind2=" ">
    <subfield code="a">eng</subfield>
  </datafield>
  <datafield tag="400" ind1="1" ind2=" ">
    <subfield code="a">Clark, Catherine Pickens Upson,</subfield>
    <subfield code="d">1851-1935</subfield>
  </datafield>
  <datafield tag="670" ind1=" " ind2=" ">
    <subfield code="a">nuc92-1468: Her White butterflies and other stories [MI] 1900</subfield>
    <subfield code="b">(hdg. on LCP rept.: Clark, Kate Upson, 1851-1935; usage: Kate Upson Clark)</subfield>
  </datafield>
  <datafield tag="670" ind1=" " ind2=" ">
    <subfield code="a">LC data base, 05-04-92</subfield>
    <subfield code="b">(hdg.: Clark, Kate Upson, 1851-1935)</subfield>
  </datafield>
  <datafield tag="670" ind1=" " ind2=" ">
    <subfield code="a">White butterflies, 1900:</subfield>
    <subfield code="b">title-page (Kate Upson Clark)</subfield>
  </datafield>
  <datafield tag="670" ind1=" " ind2=" ">
    <subfield code="a">Wikipedia, August 2, 2013</subfield>
    <subfield code="b">(heading: Kate Upson Clark; Catherine Pickens Upson Clark (1851-February 18, 1935); writer; born in Alabama; raised in Charlemont, Massachusetts; graduated from Wheaton Female Seminary in Norton, Massachusetts in 1869)</subfield>
  </datafield>
  <datafield tag="670" ind1=" " ind2=" ">
    <subfield code="a">Wheaton College WWW site, August 2, 2013:</subfield>
    <subfield code="b">college history, 1860s, Kate Upson Clark page (born in Camden, Alabama)</subfield>
    <subfield code="u">http://wheatoncollege.edu/college-history/1910s/kate-upson-clark-2/</subfield>
  </datafield>
  <datafield tag="670" ind1=" " ind2=" ">
    <subfield code="a">LC man. auth. cd.</subfield>
    <subfield code="b">(hdg.: Clark, Kate (Upson), 1851-1935; citing the Washington Post from Feb. 18, 1936, p. 4: Mrs. Catherine Pickens Upson Clark ... died ... [wrote] under pen name of Kate Upson Clark; widow of Edward Perkins Clark)</subfield>
  </datafield>
  <datafield tag="678" ind1=" " ind2=" ">
    <subfield code="a">Kate Upson Clark (Catherine Pickens Upson Clark, 1851-1935) was a writer. She wrote articles for Godey's Lady's Book, Atlantic Monthly, Christian Herald, Harper's and various children's magazines. She was an editor of the Springfield Republican, Good Cheer Magazine, and later the New York Evening Post. She published several books, short stories, and one novel. After the death of her husband, Edward P. Clark, in 1903, she lectured extensively throughout U.S. on popular, cultural, literary, and political subjects including suffrage. She resided in New York City and was active in the suffrage and temperance movements, and founded the Brooklyn's Women's Republican Club. She taught courses on lecturing at Columbia University and was a trustee of Wheaton College from 1907 until her death in 1935. See Kate Upson Clark Papers, 1893-1935, Sophia Smith Collection, Smith College, Northhampton, MA</subfield>
    <subfield code="u">http://asteria.fivecolleges.edu/findaids/sophiasmith/mnsss197_bioghist.html</subfield>
  </datafield>
</record>